<collection>
<record>
<leader>07372cpcaa22011297i 4500</leader>
<controlfield tag="001">17947003</controlfield>
<controlfield tag="005">20190212101241.0</controlfield>
<controlfield tag="007">st ||n|m|||n|e</controlfield>
<controlfield tag="007">sd |m||nnii||b</controlfield>
<controlfield tag="008">131119i19171975xxu eng </controlfield>
<datafield ind1=" " ind2=" " tag="906">
<subfield code="a">7</subfield>
<subfield code="b">cbc</subfield>
<subfield code="c">orignew</subfield>
<subfield code="d">u</subfield>
<subfield code="e">ncip</subfield>
<subfield code="f">20</subfield>
<subfield code="g">y-folklife</subfield>
</datafield>
<datafield ind1=" " ind2=" " tag="955">
<subfield code="a">mkru 2013-11-19</subfield>
<subfield code="a">mler 2017-08-15</subfield>
<subfield code="a">mkru 2018-10-15</subfield>
<subfield code="a">mseg 2019-01-11</subfield>
<subfield code="a">ahoo 2012-02-11</subfield>
</datafield>
<datafield ind1=" " ind2=" " tag="010">
<subfield code="a"> 2013655495</subfield>
</datafield>
<datafield ind1="2" ind2=" " tag="033">
<subfield code="a">----</subfield>
<subfield code="a">----</subfield>
</datafield>
<datafield ind1=" " ind2=" " tag="040">
<subfield code="a">DLC</subfield>
<subfield code="b">eng</subfield>
<subfield code="e">dacs</subfield>
<subfield code="c">DLC</subfield>
</datafield>
<datafield ind1="0" ind2=" " tag="041">
<subfield code="a">eng</subfield>
<subfield code="d">eng</subfield>
<subfield code="d">spa</subfield>
</datafield>
<datafield ind1=" " ind2=" " tag="043">
<subfield code="a">n-us-pa</subfield>
<subfield code="a">n-us---</subfield>
</datafield>
<datafield ind1=" " ind2=" " tag="090">
<subfield code="a">AFC 2003/011</subfield>
</datafield>
<datafield ind1="0" ind2="0" tag="245">
<subfield code="a">George Korson collection,</subfield>
<subfield code="f">1913-1975.</subfield>
</datafield>
<datafield ind1="1" ind2=" " tag="246">
<subfield code="i">Former title from King's College Library:</subfield>
<subfield code="a">George Korson folklore archive</subfield>
</datafield>
<datafield ind1=" " ind2=" " tag="300">
<subfield code="a">37,117</subfield>
<subfield code="f">items ;</subfield>
<subfield code="a">106</subfield>
<subfield code="f">containers (not including AV) ;</subfield>
<subfield code="a">57</subfield>
<subfield code="f">linear feet (not including AV)</subfield>
</datafield>
<datafield ind1=" " ind2=" " tag="300">
<subfield code="3">sound recordings</subfield>
<subfield code="a">112 sound discs :</subfield>
<subfield code="b">analog ;</subfield>
<subfield code="c">12 in., 10 in., and 7 in.</subfield>
</datafield>
<datafield ind1=" " ind2=" " tag="300">
<subfield code="3">sound recordings</subfield>
<subfield code="a">108 sound tape reels :</subfield>
<subfield code="b">analog ;</subfield>
<subfield code="c">7 in.</subfield>
</datafield>
<datafield ind1=" " ind2=" " tag="300">
<subfield code="a">sound recordings</subfield>
<subfield code="a">6 sound tape reels :</subfield>
<subfield code="b">analog ;</subfield>
<subfield code="c">5 in.</subfield>
</datafield>
<datafield ind1=" " ind2=" " tag="300">
<subfield code="3">sound recordings</subfield>
<subfield code="a">1 sound cassette :</subfield>
<subfield code="b">analog</subfield>
</datafield>
<datafield ind1=" " ind2=" " tag="300">
<subfield code="a">moving images</subfield>
<subfield code="a">1 film reel (ca. 8 minutes) :</subfield>
<subfield code="b">sound, black and white ;</subfield>
<subfield code="c">16 mm</subfield>
</datafield>
<datafield ind1=" " ind2=" " tag="300">
<subfield code="3">graphic images</subfield>
<subfield code="a">approximately 623 photographs :</subfield>
<subfield code="b">photographic prints, negatives, black and white;</subfield>
<subfield code="c">various sizes.</subfield>
</datafield>
<datafield ind1=" " ind2=" " tag="300">
<subfield code="3">graphic images</subfield>
<subfield code="a">4 graphic items :</subfield>
<subfield code="c">various media.</subfield>
</datafield>
<datafield ind1=" " ind2=" " tag="300">
<subfield code="a">artifacts</subfield>
<subfield code="a">2 items.</subfield>
</datafield>
<datafield ind1=" " ind2=" " tag="300">
<subfield code="3">manuscripts</subfield>
<subfield code="a">36,259 items.</subfield>
</datafield>
<datafield ind1="0" ind2=" " tag="511">
<subfield code="a">
Various interviews were conducted by George Korson with miners and others primarily in Schuylkill County, Pennsylvania; also in Carbon County, Dauphin County, Luzerne County, Lehigh County, and other locations in Pennsylvania; in Washington, D.C., and in Virginia.
</subfield>
</datafield>
<datafield ind1="0" ind2=" " tag="511">
<subfield code="a">
Various performers were recorded by Korson including Bill Keating, Dan Walsh, Jerry Byrne, Dan Brennan, and many others in Pennsylvania and other locations.
</subfield>
</datafield>
<datafield ind1=" " ind2=" " tag="520">
<subfield code="a">
Collection of professional papers, field recordings of interviews and songs, a film, and photographs documenting the career and folklife fieldwork of George Korson. George Korson conducted fieldwork in the anthracite coal region of Pennsylvania and also in Pennsylvania Dutch Country in eastern counties of Pennsylvania. The film dated October 12, 1964 is George Korson (with Charlie McCarthy) interviewed by Franklin D. Coslett. The collection also includes various papers and interviews created by Angus K. Gillespie, including his interviews with folklorist and labor historian Archie Green. Gillespie is the author of a biography of George Korson, titled Folklorist of the coal fields : George Korson's life and work (Pennsylvania State University Press, 1980).
</subfield>
</datafield>
<datafield ind1="8" ind2=" " tag="524">
<subfield code="a">
George Korson collection (AFC 2003/011), Archive of Folk Culture, American Folklife Center, Library of Congress, Washington, D.C.
</subfield>
</datafield>
<datafield ind1="1" ind2=" " tag="506">
<subfield code="a">
Collection is open for research. To request materials, please contact the Folklife Reading Room at
</subfield>
<subfield code="u">http://hdl.loc.gov/loc.afc/folklife.contact</subfield>
</datafield>
<datafield ind1=" " ind2=" " tag="530">
<subfield code="a">
Selected analog recordings have digital preservation masters.
</subfield>
</datafield>
<datafield ind1=" " ind2=" " tag="540">
<subfield code="a">
Duplication of collection materials may be governed by copyright and other restrictions.
</subfield>
</datafield>
<datafield ind1=" " ind2=" " tag="541">
<subfield code="a">King's College, Wilkes-Barre, Pennsylania;</subfield>
<subfield code="c">Donation;</subfield>
<subfield code="d">2003.</subfield>
</datafield>
<datafield ind1=" " ind2=" " tag="545">
<subfield code="a">
George Gershon Korson, folklorist, journalist, and labor historian, was born in 1899 in Ukraine, and came with his family to the United States in 1906. He began his working life as a journalist, and subsequently wrote several books on the songs and folklore of coal miners in Pennsylvania and West Virginia. Korson was an advocate for the rights of miners and improved working conditions for them. In 1957 he was awarded a Guggenheim Fellowship to write the book, Black Rock: Mining Folklore of the Pennsylvania Dutch (1960). He was a president of the American Red Cross, served three terms as president of the Pennsylvania Folklore Society, and was elected a Fellow of the American Folklore Society in 1960. He died in 1967.
</subfield>
</datafield>
<datafield ind1=" " ind2=" " tag="546">
<subfield code="3">Manuscripts:</subfield>
<subfield code="a">in English and Pennsylvania German.</subfield>
</datafield>
<datafield ind1=" " ind2=" " tag="546">
<subfield code="3">Sound recordings:</subfield>
<subfield code="a">
In English and Pennsylvania German; a few sound recordings in Spanish.
</subfield>
</datafield>
<datafield ind1=" " ind2=" " tag="561">
<subfield code="a">
The George Korson Folklore Archive was presented by George Korson to King's College, Wilkes Barre, Pennsylvania in 1965 and donated by King's College to the American Folklife Center in 2003.
</subfield>
</datafield>
<datafield ind1="0" ind2=" " tag="555">
<subfield code="a">Finding aid is available online</subfield>
<subfield code="u">http://hdl.loc.gov/loc.afc/eadafc.af016010</subfield>
</datafield>
<datafield ind1="0" ind2=" " tag="555">
<subfield code="a">
D. Leonard Corgan Library. A description of the George Korson folklore archive. Compiled by Judith Tierney, special collections librarian (Wilkes-Barre, Pa.: King's College Press, 1973)
</subfield>
</datafield>
<datafield ind1="1" ind2="0" tag="600">
<subfield code="a">Korson, George Gershon,</subfield>
<subfield code="d">1899-1967</subfield>
<subfield code="v">Correspondence.</subfield>
</datafield>
<datafield ind1="1" ind2="0" tag="600">
<subfield code="a">Korson, George Gershon,</subfield>
<subfield code="d">1899-1967</subfield>
<subfield code="v">Interviews.</subfield>
</datafield>
<datafield ind1="1" ind2="0" tag="600">
<subfield code="a">Collins, Fletcher,</subfield>
<subfield code="c">Jr.,</subfield>
<subfield code="d">1906-2005</subfield>
<subfield code="v">Interviews.</subfield>
</datafield>
<datafield ind1="1" ind2="0" tag="600">
<subfield code="a">Eskin, Sam</subfield>
<subfield code="v">Interviews.</subfield>
</datafield>
<datafield ind1="1" ind2="0" tag="600">
<subfield code="a">Green, Archie</subfield>
<subfield code="v">Interviews.</subfield>
</datafield>
<datafield ind1="1" ind2="0" tag="600">
<subfield code="a">Hand, Wayland D.</subfield>
<subfield code="q">(Wayland Debs),</subfield>
<subfield code="d">1907-1986</subfield>
<subfield code="v">Interviews.</subfield>
</datafield>
<datafield ind1="1" ind2="0" tag="600">
<subfield code="a">Lewis, John L.</subfield>
<subfield code="q">(John Llewellyn),</subfield>
<subfield code="d">1880-1969.</subfield>
</datafield>
<datafield ind1="2" ind2="0" tag="610">
<subfield code="a">Molly Maguires (Organization)</subfield>
</datafield>
<datafield ind1="2" ind2="0" tag="610">
<subfield code="a">United Mine Workers of America.</subfield>
</datafield>
<datafield ind1="2" ind2="0" tag="610">
<subfield code="a">American Red Cross.</subfield>
</datafield>
<datafield ind1="2" ind2="0" tag="611">
<subfield code="a">Pennsylvania Folk Festival</subfield>
<subfield code="d">(1935 :</subfield>
<subfield code="c">Allentown, Pa.)</subfield>
</datafield>
<datafield ind1="2" ind2="0" tag="611">
<subfield code="a">Pennsylvania Folk Festival</subfield>
<subfield code="d">(1936 :</subfield>
<subfield code="c">Lewisburg, Pa.)</subfield>
</datafield>
<datafield ind1=" " ind2="0" tag="650">
<subfield code="a">Folklore</subfield>
<subfield code="z">Pennsylvania.</subfield>
</datafield>
<datafield ind1=" " ind2="0" tag="650">
<subfield code="a">Coal miners</subfield>
<subfield code="v">Songs and music.</subfield>
</datafield>
<datafield ind1=" " ind2="0" tag="650">
<subfield code="a">Coal miners</subfield>
<subfield code="z">Pennsylvania</subfield>
<subfield code="x">Folklore.</subfield>
</datafield>
<datafield ind1=" " ind2="0" tag="650">
<subfield code="a">Coal miners</subfield>
<subfield code="z">Pennsylvania</subfield>
<subfield code="v">Interviews.</subfield>
</datafield>
<datafield ind1=" " ind2="0" tag="650">
<subfield code="a">Labor unions</subfield>
<subfield code="x">Songs and music.</subfield>
</datafield>
<datafield ind1=" " ind2="0" tag="650">
<subfield code="a">Labor unions</subfield>
<subfield code="x">Folklore.</subfield>
</datafield>
<datafield ind1=" " ind2="0" tag="650">
<subfield code="a">Labor unions</subfield>
<subfield code="z">United States</subfield>
<subfield code="x">History.</subfield>
</datafield>
<datafield ind1=" " ind2="0" tag="650">
<subfield code="a">Pennsylvania Dutch</subfield>
<subfield code="z">Pennsylvania</subfield>
<subfield code="x">Folklore.</subfield>
</datafield>
<datafield ind1=" " ind2="0" tag="650">
<subfield code="a">Irish Americans</subfield>
<subfield code="z">Pennsylvania.</subfield>
</datafield>
<datafield ind1=" " ind2="0" tag="650">
<subfield code="a">Folk music</subfield>
<subfield code="z">Pennsylvania.</subfield>
</datafield>
<datafield ind1=" " ind2="0" tag="650">
<subfield code="a">Folk songs, English</subfield>
<subfield code="z">Pennsylvania.</subfield>
</datafield>
<datafield ind1=" " ind2="0" tag="650">
<subfield code="a">Folk songs, English</subfield>
<subfield code="z">Pennsylvania</subfield>
<subfield code="v">Texts.</subfield>
</datafield>
<datafield ind1=" " ind2="0" tag="650">
<subfield code="a">Ballads, English.</subfield>
</datafield>
<datafield ind1=" " ind2="0" tag="650">
<subfield code="a">Children's songs, English.</subfield>
</datafield>
<datafield ind1=" " ind2="0" tag="650">
<subfield code="a">Folk festivals</subfield>
<subfield code="z">United States.</subfield>
</datafield>
<datafield ind1=" " ind2="0" tag="650">
<subfield code="a">Miners</subfield>
<subfield code="x">Songs and music.</subfield>
</datafield>
<datafield ind1=" " ind2="0" tag="650">
<subfield code="a">Miners</subfield>
<subfield code="z">United States</subfield>
<subfield code="x">Folklore.</subfield>
</datafield>
<datafield ind1=" " ind2="0" tag="650">
<subfield code="a">Folklorists</subfield>
<subfield code="z">United States</subfield>
<subfield code="v">Correspondence.</subfield>
</datafield>
<datafield ind1=" " ind2="0" tag="650">
<subfield code="a">Folklorists</subfield>
<subfield code="z">United States</subfield>
<subfield code="v">Photographs.</subfield>
</datafield>
<datafield ind1=" " ind2="7" tag="655">
<subfield code="a">Interviews.</subfield>
<subfield code="2">aat</subfield>
</datafield>
<datafield ind1=" " ind2="7" tag="655">
<subfield code="a">Oral histories.</subfield>
<subfield code="2">lcgft</subfield>
</datafield>
<datafield ind1=" " ind2="7" tag="655">
<subfield code="a">Legends.</subfield>
<subfield code="2">lcgft</subfield>
</datafield>
<datafield ind1=" " ind2="7" tag="655">
<subfield code="a">Songs.</subfield>
<subfield code="2">lcgft</subfield>
</datafield>
<datafield ind1=" " ind2="7" tag="655">
<subfield code="a">Sound recordings.</subfield>
<subfield code="2">lcgft</subfield>
</datafield>
<datafield ind1=" " ind2="7" tag="655">
<subfield code="a">Photographs.</subfield>
<subfield code="2">aat</subfield>
</datafield>
<datafield ind1=" " ind2="7" tag="655">
<subfield code="a">Manuscripts.</subfield>
<subfield code="2">aat</subfield>
</datafield>
<datafield ind1=" " ind2="7" tag="655">
<subfield code="a">Correspondence.</subfield>
<subfield code="2">aat</subfield>
</datafield>
<datafield ind1=" " ind2="7" tag="655">
<subfield code="a">Maps.</subfield>
<subfield code="2">lcgft</subfield>
</datafield>
<datafield ind1=" " ind2="7" tag="655">
<subfield code="a">Field notes.</subfield>
<subfield code="2">afset</subfield>
</datafield>
<datafield ind1=" " ind2="7" tag="655">
<subfield code="a">Scrapbooks.</subfield>
<subfield code="2">aat</subfield>
</datafield>
<datafield ind1=" " ind2="7" tag="655">
<subfield code="a">Lectures.</subfield>
<subfield code="2">lcgft</subfield>
</datafield>
<datafield ind1=" " ind2="7" tag="655">
<subfield code="a">Poems.</subfield>
<subfield code="2">aat</subfield>
</datafield>
<datafield ind1=" " ind2="7" tag="655">
<subfield code="a">Manuscripts for publication.</subfield>
<subfield code="2">aat</subfield>
</datafield>
<datafield ind1=" " ind2="7" tag="655">
<subfield code="a">Radio programs.</subfield>
<subfield code="2">lcgft</subfield>
</datafield>
<datafield ind1="1" ind2=" " tag="700">
<subfield code="a">Korson, George Gershon,</subfield>
<subfield code="d">1899-1967,</subfield>
<subfield code="e">collector,</subfield>
<subfield code="e">author.</subfield>
</datafield>
<datafield ind1="1" ind2=" " tag="700">
<subfield code="a">Korson, George Gershon,</subfield>
<subfield code="d">1899-1967.</subfield>
<subfield code="t">
Coal dust on the fiddle; songs and stories of the bituminous industry.
</subfield>
</datafield>
<datafield ind1="1" ind2=" " tag="700">
<subfield code="a">Gillespie, Angus K.,</subfield>
<subfield code="d">1942-</subfield>
<subfield code="e">interviewer,</subfield>
<subfield code="e">compiler.</subfield>
</datafield>
<datafield ind1=" " ind2=" " tag="852">
<subfield code="a">Library of Congress</subfield>
<subfield code="b">Archive of Folk Culture, American Folklife Center,</subfield>
<subfield code="e">
101 Independence Ave. S.E., Washington, DC USA 20540-4610
</subfield>
<subfield code="u">http://hdl.loc.gov/loc.afc/folklife.home</subfield>
</datafield>
<datafield ind1="4" ind2="2" tag="856">
<subfield code="3">Finding aid</subfield>
<subfield code="u">http://hdl.loc.gov/loc.afc/eadafc.af016010</subfield>
</datafield>
<datafield ind1=" " ind2=" " tag="985">
<subfield code="a">afc/coll</subfield>
</datafield>
<datafield ind1=" " ind2=" " tag="985">
<subfield code="a">afc/ead</subfield>
</datafield>
</record>
</collection>